@inproceedings{takahashi2011optimized,
  title={Optimized topological surgery for unfolding 3d meshes},
  author={Takahashi, Shigeo and Wu, Hsiang-Yun and Saw, Seow Hui and Lin, Chun-Cheng and Yen, Hsu-Chun},
  booktitle={Computer graphics forum},
  volume={30},
  number={7},
  pages={2077--2086},
  year={2011},
  organization={Wiley Online Library}
}

@article{xi2016learning,
  title={Learning to segment and unfold polyhedral mesh from failures},
  author={Xi, Zhonghua and Kim, Yun-hyeong and Kim, Young J and Lien, Jyh-Ming},
  journal={Computers \& Graphics},
  volume={58},
  pages={139--149},
  year={2016},
  publisher={Elsevier}
}

@article{chang2017improved,
  title={Improved algorithms for grid-unfolding orthogonal polyhedra},
  author={Chang, Yi-Jun and Yen, Hsu-Chun},
  journal={International Journal of Computational Geometry \& Applications},
  volume={27},
  number={01n02},
  pages={33--56},
  year={2017},
  publisher={World Scientific}
}

@article{straubcreating,
  title={Creating Optimized Cut-Out Sheets for Paper Models from Meshes},
  author={Straub, R and Prautzsch, H},
  year={2011}
}

@article{emek2008approximating,
  title={Approximating minimum max-stretch spanning trees on unweighted graphs},
  author={Emek, Yuval and Peleg, David},
  journal={SIAM Journal on Computing},
  volume={38},
  number={5},
  pages={1761--1781},
  year={2008},
  publisher={SIAM}
}

@incollection{de1997computational,
  title={Computational geometry},
  author={De Berg, Mark and Van Kreveld, Marc and Overmars, Mark and Schwarzkopf, Otfried},
  booktitle={Computational geometry},
  year={1997},
  publisher={Springer}
}









